<?xml version="1.0" encoding="UTF-8"?><collection xmlns="http://www.loc.gov/MARC21/slim"><record><leader>00625nam--2200181-i-4500</leader><controlfield tag="001">000047978</controlfield><controlfield tag="002">20161230</controlfield><controlfield tag="005">20161230201046</controlfield><controlfield tag="008">060222s1000------------r-----000-0-fre-d</controlfield><datafield ind1=" " ind2=" " tag="040"><subfield code="a">IFIN-HH</subfield></datafield><datafield ind1=" " ind2=" " tag="041"><subfield code="a">fre</subfield></datafield><datafield ind1=" " ind2=" " tag="080"><subfield code="a">539.1.078</subfield></datafield><datafield ind1="1" ind2=" " tag="100"><subfield code="a">Zajde,Charles</subfield></datafield><datafield ind1="1" ind2="0" tag="245"><subfield code="a">Etude, realisation et mise au point d`un detecteur multicanaux (computer en echelle), pour analyser les electrons de hautes energies (50 a 250 mev)</subfield><subfield code="b">Theses</subfield><subfield code="c">Charles zajde</subfield></datafield><datafield ind1=" " ind2=" " tag="260"><subfield code="a">Paris, ,1963. 36 P</subfield><subfield code="b">La Faculte De Sciences De L`Universite De Paris</subfield><subfield code="c">1963</subfield></datafield><datafield ind1=" " ind2=" " tag="300"><subfield code="a">36P</subfield></datafield><datafield ind1=" " ind2=" " tag="852"><subfield code="a">22860</subfield><subfield code="c">539.1.07:539.1.08</subfield></datafield><datafield ind1=" " ind2=" " tag="CAT"><subfield code="a">Sys</subfield><subfield code="c">20111019</subfield><subfield code="h">104725</subfield></datafield></record></collection>